@book{sahai2012analysis,
  title={The Analysis of Variance: Fixed, Random and Mixed Models},
  author={Sahai, H. and Ageel, M.I.},
  isbn={9781461213444},
  lccn={98002788},
  url={https://books.google.com.br/books?id=mkbtBwAAQBAJ},
  year={2012},
  publisher={Birkh{\"a}user Boston}
}